<record><leader>00000cas a2200000 i 4500</leader><controlfield tag="001">914279052</controlfield><controlfield tag="008">150722c20149999wiuwr ne      0    0eng c</controlfield><datafield ind1=" " ind2=" " tag="010"><subfield code="a">  2015269512</subfield></datafield><datafield ind1=" " ind2=" " tag="040"><subfield code="a">WIH</subfield><subfield code="b">eng</subfield><subfield code="e">rda</subfield><subfield code="c">WIH</subfield><subfield code="d">OCLCO</subfield><subfield code="d">DLC</subfield><subfield code="d">OCLCF</subfield></datafield><datafield ind1=" " ind2=" " tag="037"><subfield code="b">Waupaca County Post, 600 Industrial Drive, Waupaca, WI 54981</subfield></datafield><datafield ind1=" " ind2=" " tag="042"><subfield code="a">pcc</subfield></datafield><datafield ind1=" " ind2=" " tag="043"><subfield code="a">n-us-wi</subfield></datafield><datafield ind1="0" ind2=" " tag="130"><subfield code="a">Waupaca County post (Waupaca, Wis. : 2014)</subfield></datafield><datafield ind1="1" ind2="0" tag="245"><subfield code="a">Waupaca County post</subfield></datafield><datafield ind1=" " ind2="1" tag="264"><subfield code="a">Waupaca, WI :</subfield><subfield code="b">MMC LLC,</subfield><subfield code="c">2014-</subfield></datafield><datafield ind1=" " ind2=" " tag="300"><subfield code="a">volumes :</subfield><subfield code="b">illustrations ;</subfield><subfield code="c">55 cm</subfield></datafield><datafield ind1=" " ind2=" " tag="310"><subfield code="a">Weekly</subfield></datafield><datafield ind1=" " ind2=" " tag="336"><subfield code="a">text</subfield><subfield code="b">txt</subfield><subfield code="2">rdacontent</subfield></datafield><datafield ind1=" " ind2=" " tag="337"><subfield code="a">unmediated</subfield><subfield code="b">n</subfield><subfield code="2">rdamedia</subfield></datafield><datafield ind1=" " ind2=" " tag="338"><subfield code="a">volume</subfield><subfield code="b">nc</subfield><subfield code="2">rdacarrier</subfield></datafield><datafield ind1="1" ind2=" " tag="362"><subfield code="a">Began with Volume 172, issue 20 (May 8, 2014).</subfield></datafield><datafield ind1=" " ind2=" " tag="588"><subfield code="a">Description based on: Volume 172, issue 20 (May 8, 2014).</subfield></datafield><datafield ind1=" " ind2=" " tag="588"><subfield code="a">Latest issue consulted: Volume 173, issue 30 (July 16, 2015).</subfield></datafield><datafield ind1=" " ind2="0" tag="651"><subfield code="a">Waupaca (Wis.)</subfield><subfield code="v">Newspapers.</subfield></datafield><datafield ind1=" " ind2="0" tag="651"><subfield code="a">Waupaca County (Wis.)</subfield><subfield code="v">Newspapers.</subfield></datafield><datafield ind1=" " ind2="7" tag="655"><subfield code="a">Newspapers.</subfield><subfield code="2">fast</subfield><subfield code="0">(OCoLC)fst01423814</subfield></datafield><datafield ind1=" " ind2="7" tag="651"><subfield code="a">Wisconsin</subfield><subfield code="z">Waupaca.</subfield><subfield code="2">fast</subfield><subfield code="0">(OCoLC)fst01222759</subfield></datafield><datafield ind1=" " ind2="7" tag="651"><subfield code="a">Wisconsin</subfield><subfield code="z">Waupaca County.</subfield><subfield code="2">fast</subfield><subfield code="0">(OCoLC)fst01230114</subfield></datafield><datafield ind1="0" ind2="1" tag="780"><subfield code="i">Continuation in part of (work):</subfield><subfield code="t">County post west</subfield><subfield code="w">(OCoLC)432643854</subfield><subfield code="w">(DLC)  2015269507</subfield></datafield></record>